<?xml version="1.0" encoding="UTF-8"?><collection xmlns="http://www.loc.gov/MARC21/slim"><record><leader>00398nam--2200133-i-4500</leader><controlfield tag="001">000013106</controlfield><controlfield tag="002">20161230</controlfield><controlfield tag="005">20161230201030</controlfield><controlfield tag="008">060222s1000------------r-----000-0-eng-d</controlfield><datafield ind1=" " ind2=" " tag="080"><subfield code="a">621.039.009(043)</subfield></datafield><datafield ind1=" " ind2=" " tag="100"><subfield code="a">Beker, Gabriele</subfield></datafield><datafield ind1=" " ind2=" " tag="245"><subfield code="a">Zumutbarkeit von kernenergieridiken sozialwiss enschaftliche analyse deer kernenergie-debatte</subfield></datafield><datafield ind1=" " ind2=" " tag="260"><subfield code="a">Heidelberg, Universitat, 1978 482 P</subfield></datafield><datafield ind1=" " ind2=" " tag="852"><subfield code="a">47122</subfield></datafield></record></collection>